@article{ReviewOfParticlePhysics,
      author         = "Olive, K. A. and others",
      title          = "{Review of Particle Physics}",
      collaboration  = "Particle Data Group",
      journal        = "Chin. Phys.",
      volume         = "C38",
      year           = "2014",
      pages          = "090001",
      doi            = "10.1088/1674-1137/38/9/090001",
      SLACcitation   = "%%CITATION = CHPHD,C38,090001;%%"
}

@article{StructureAndDiffusion,
title = "Structure and diffusion in mixtures of rare-gas liquids",
journal = "Physica A: Statistical Mechanics and its Applications",
volume = "80",
number = "6",
pages = "607 - 625",
year = "1975",
note = "",
issn = "0378-4371",
doi = "http://dx.doi.org/10.1016/0378-4371(75)90121-1",
url = "http://www.sciencedirect.com/science/article/pii/0378437175901211",
author = "G. Jacucci and I.R. McDonald",
}

@Book{AllenTildesley,
   Author = {Allen, M.P. and Tildesley, D.J.},
   Title = {{Computer Simulation of Liquids}},
   Publisher = {Oxford: Clarendon Pr},
   Year = {1987}
} 